<collection xmlns="http://www.loc.gov/MARC21/slim">
<record>
  <leader>01292nam0a22002411i 450 </leader>
  <controlfield tag="001">IT\ICCU\CNCE\072373</controlfield>
  <controlfield tag="005">20140617000000.0</controlfield>
  <datafield tag="012" ind1=" " ind2=" ">
    <subfield code="a">lae, &apos;Ita soai toto (C) 1552 (Q)</subfield>
    <subfield code="2">fei</subfield>
  </datafield>
  <datafield tag="100" ind1=" " ind2=" ">
    <subfield code="a">20080125f1552        0itac0103    ba</subfield>
  </datafield>
  <datafield tag="101" ind1=" " ind2=" ">
    <subfield code="a">ITA</subfield>
  </datafield>
  <datafield tag="102" ind1=" " ind2=" ">
    <subfield code="a">CH</subfield>
  </datafield>
  <datafield tag="200" ind1="1" ind2=" ">
    <subfield code="a">℗Il ℗pellegrino inglese ne&apos;l quale si difende l&apos;innocente, et la sincera vita de&apos;l pio, et religioso re d&apos;Inghilterra Henrico ottauo, bugiardamente calonniato da Clemente VII et da gl&apos;altri adulatori de la Sedia Antichristiana</subfield>
  </datafield>
  <datafield tag="210" ind1=" " ind2=" ">
    <subfield code="d">\1552!</subfield>
  </datafield>
  <datafield tag="215" ind1=" " ind2=" ">
    <subfield code="a">\72! c.</subfield>
    <subfield code="d">8ʻ</subfield>
  </datafield>
  <datafield tag="300" ind1=" " ind2=" ">
    <subfield code="a">Stampato a Zurigo da Andreas Gessner e Rudolf Wyssenbach; per l&apos;autore, il tipografo e la data cfr.: R. A. Pierce, Pier Paolo Vergerio the propagandist, p. 228</subfield>
  </datafield>
  <datafield tag="620" ind1=" " ind2=" ">
    <subfield code="a">CH</subfield>
    <subfield code="d">Zurigo</subfield>
  </datafield>
  <datafield tag="700" ind1=" " ind2="1">
    <subfield code="a">Thomas,</subfield>
    <subfield code="b">William</subfield>
    <subfield code="3">IT\ICCU\CNCA\028767</subfield>
  </datafield>
  <datafield tag="712" ind1="0" ind2="0">
    <subfield code="a">Gessner, Andreas &lt;2.&gt; &amp; Wyssenbach, Rudolf</subfield>
    <subfield code="3">IT\ICCU\CNCT\006163</subfield>
    <subfield code="4">650</subfield>
  </datafield>
  <datafield tag="791" ind1="0" ind2="0">
    <subfield code="a">Wissenbach, Rudolf</subfield>
    <subfield code="3">IT\ICCU\CNCT\006164</subfield>
    <subfield code="z">Gessner, Andreas &lt;2.&gt; &amp; Wyssenbach, Rudolf</subfield>
  </datafield>
  <datafield tag="791" ind1="0" ind2="0">
    <subfield code="a">Gesner, Andreas &amp; Wissenbach, Rudolf</subfield>
    <subfield code="3">IT\ICCU\CNCT\006169</subfield>
    <subfield code="z">Gessner, Andreas &lt;2.&gt; &amp; Wyssenbach, Rudolf</subfield>
  </datafield>
  <datafield tag="791" ind1="0" ind2="0">
    <subfield code="a">Gesner, Andreas &amp; Weissenbach, Rodolph</subfield>
    <subfield code="3">IT\ICCU\CNCT\006170</subfield>
    <subfield code="z">Gessner, Andreas &lt;2.&gt; &amp; Wyssenbach, Rudolf</subfield>
  </datafield>
  <datafield tag="801" ind1=" " ind2="3">
    <subfield code="a">IT</subfield>
    <subfield code="b">ICCU</subfield>
    <subfield code="c">20201115</subfield>
  </datafield>
  <datafield tag="899" ind1=" " ind2=" ">
    <subfield code="a">British Library. London</subfield>
    <subfield code="1">UK0001</subfield>
  </datafield>
</record>
</collection>
